@misc{spotify,
  title = {{Spotify - Wikipedia}},
  howpublished="\url{https://en.wikipedia.org/wiki/Spotify/}"
}

@misc{researchpagespotify,
  title = {{Spotify R\&D}},
  howpublished="\url{https://research.atspotify.com/machine-learning/}"
}

@misc{wrappedspotify,
  title = {{Spotify Wrapped Recommendations}},
  howpublished="\url{https://d3.harvard.edu/platform-digit/submission/spotify-how-data-is-used-to-enhance-your-listening-experience/}"
}

@misc{popularity,
  title = {{Popularity Prediction}},
  howpublished="\url{https://towardsdatascience.com/predicting-popularity-on-spotify-when-data-needs-culture-more-than-culture-needs-data-2ed3661f75f1}"
}

@misc{spotifyaudiofeatures,
  title = {{Spotify Audio Features}},
  howpublished="\url{https://developer.spotify.com/documentation/web-api/reference/#/operations/get-audio-features}"
}

@misc{grammy,
  title = {{2013 Grammy Awards Predictions}},
  howpublished="\url{https://www.digitaltrends.com/music/spotify-data-predicts-grammy-winners/}"
}

@inproceedings{acmpaper,
author = {Fan, Ziwei and Liu, Zhiwei and Wang, Yu and Wang, Alice and Nazari, Zahra and Zheng, Lei and Peng, Hao and Yu, Philip S.},
title = {Sequential Recommendation via Stochastic Self-Attention},
year = {2022},
isbn = {9781450390965},
publisher = {Association for Computing Machinery},
address = {New York, NY, USA},
url = "\url{https://doi.org/10.1145/3485447.3512077}",
doi = {10.1145/3485447.3512077},
booktitle = {Proceedings of the ACM Web Conference 2022},
pages = {2036–2047},
numpages = {12},
keywords = {Sequential Recommendation, Self-Attention, Uncertainty, Transformer},
location = {Virtual Event, Lyon, France}
}

@misc{umap,
  doi = {10.48550/ARXIV.1802.03426},
  url = {https://arxiv.org/abs/1802.03426},
  author = {McInnes, Leland and Healy, John and Melville, James},
  keywords = {Machine Learning (stat.ML), Computational Geometry (cs.CG), Machine Learning (cs.LG), FOS: Computer and information sciences, FOS: Computer and information sciences},
  title = {UMAP: Uniform Manifold Approximation and Projection for Dimension Reduction},
  publisher = {arXiv},
  year = {2018},
  copyright = {arXiv.org perpetual, non-exclusive license}
}

@article{pacmap,
  author  = {Yingfan Wang and Haiyang Huang and Cynthia Rudin and Yaron Shaposhnik},
  title   = {Understanding How Dimension Reduction Tools Work: An Empirical Approach to Deciphering t-SNE, UMAP, TriMap, and PaCMAP for Data Visualization},
  journal = {Journal of Machine Learning Research},
  year    = {2021},
  volume  = {22},
  number  = {201},
  pages   = {1--73},
  url     = {http://jmlr.org/papers/v22/20-1061.html}
}

@article{randomprojections,
author = {Dasgupta, Sanjoy},
year = {2013},
month = {01},
pages = {},
title = {Experiments with Random Projection},
journal = {UAI '00: Proceedings of the 16th Conference on Uncertainty in Artificial Intelligence}
}

@misc{randomprojectionssklearn,
  title = {{Scikit Learn - Random Projections}},
  howpublished="\url{https://scikit-learn.org/stable/modules/random_projection.html#gaussian-random-matrix}"
}

@misc{autoencoders,
  title = {{Autoencoders - Wikipedia}},
  howpublished="\url{https://en.wikipedia.org/wiki/Autoencoder}"
}

@misc{kmeans,
  title = {{K-Means clustering - Wikipedia}},
  howpublished="\url{https://en.wikipedia.org/wiki/K-means_clustering}"
}

@article{dbi,  author={Davies, David L. and Bouldin, Donald W.},  journal={IEEE Transactions on Pattern Analysis and Machine Intelligence},   title={A Cluster Separation Measure},   year={1979},  volume={PAMI-1},  number={2},  pages={224-227},  doi={10.1109/TPAMI.1979.4766909}}

@article{ch,
author = {T. Caliński and J Harabasz },
title = {A dendrite method for cluster analysis},
journal = {Communications in Statistics},
volume = {3},
number = {1},
pages = {1-27},
year  = {1974},
publisher = {Taylor & Francis},
doi = {10.1080/03610927408827101},
URL = { https://www.tandfonline.com/doi/abs/10.1080/03610927408827101},
eprint = {https://www.tandfonline.com/doi/pdf/10.1080/03610927408827101}
}


